@manual{octave,
    title     = "{GNU Octave} version 5.2.0 manual: a high-level interactive language for numerical computations",
    author    = {John W. Eaton and David Bateman and S{\o}ren Hauberg and Rik Wehbring},
    year      = {2020},
    url       = {https://www.gnu.org/software/octave/doc/v5.2.0/},
  }
  
 
@book{gilat,
  title={{Numerical Methods for Engineers and Scientists: an Introduction with Applications Using MATLAB}},
  edition={Third},
  author={{Gilat, Amos and Subramaniam, Vish}},
  year={2014},
  publisher={{Wiley}},
  address={{Hoboken,NJ}}
}

@book{kwon2018finite,
  title={{The Finite Element Method using MATLAB}},
  author={{Kwon, Young W and Bang, Hyochoong}},
  year={2018},
  publisher={{CRC press}}
}

@article{shampine2008vectorized,
  title={{Vectorized adaptive quadrature in MATLAB}},
  author={Shampine, Lawrence F},
  journal={{Journal of Computational and Applied Mathematics}},
  volume={211},
  number={2},
  pages={131--140},
  year={2008},
  publisher={Elsevier}
}

@book{farlow1993partial,
  title={Partial Differential Equations for Scientists and Engineers},
  author={Farlow, Stanley J},
  year={1993},
  publisher={Courier Corporation}
}

@book{dunn2022exploring,
  title={Exploring Monte Carlo Methods},
  author={Dunn, William L and Shultis, J Kenneth},
  year={2022},
  publisher={Elsevier}
}
@book{sauer2011numerical,
  title={Numerical analysis},
  author={Sauer, Timothy},
  year={2011},
  publisher={Addison-Wesley Publishing Company}
}
@book{trefethen2,
title={Approximation Theory and Approximation Practice},
authr={L.N. Trefethen},
year={2013},
publisher={Society of Industrial and Applied Mathematics},
address={Philadelphia,PA},
}

@book{butcher2016numerical,
  title={Numerical Methods for Ordinary Differential Equations},
  author={Butcher, John Charles},
  year={2016},
  publisher={John Wiley \& Sons}
}

@article{bogacki19893,
  title={A 3 (2) pair of Runge-Kutta formulas},
  author={Bogacki, Przemyslaw and Shampine, Lawrence F},
  journal={Applied Mathematics Letters},
  volume={2},
  number={4},
  pages={321--325},
  year={1989},
  publisher={Elsevier}
}

@article{lindsay2022moose,
   title = "2.0 - {MOOSE}: Enabling massively parallel multiphysics simulation",
   author = {Alexander D. Lindsay et al.},
    year = {2022},
 journal = {{SoftwareX}},
  volume = {20},
   pages = {101202},
    issn = {2352-7110},
%     doi = {https://doi.org/10.1016/j.softx.2022.101202},
%     url = {https://www.sciencedirect.com/science/article/pii/S2352711022001200},
%keywords = {Multiphysics, Object-oriented, Finite-element, Framework},
}

@techreport{paraview,
  title="{P}ara{V}iew {G}uide, {A} {P}arallel {V}isuallization {A}pplication.",
  author={A. Henderson},
  year={2007},
  institution={Kitware Inc.},
}

@article{balay2001petsc,
  title="{PETSc}",
  author={Balay et al.},
  journal={See http://www. mcs. anl. gov/petsc},
  year={2001}
}

@techreport{petsc-user-ref,
  author={Balay et al.},
  title       = "{PETSc/TAO Users Manual}",
  institution = {Argonne National Laboratory},
  number      = {ANL-21/39 - Revision 3.19},
  year        = {2023},
}

@article{ROMANO201590,
title = "{OpenMC: A state-of-the-art Monte Carlo code for research and development}",
journal = {Annals of Nuclear Energy},
volume = {82},
pages = {90-97},
year = {2015},
%note = {Joint International Conference on Supercomputing in Nuclear Applications and Monte Carlo 2013, SNA + MC 2013. Pluri- and Trans-disciplinarity, Towards New Modeling and Numerical Simulation Paradigms},
%issn = {0306-4549},
%doi = {https://doi.org/10.1016/j.anucene.2014.07.048},
%url = {https://www.sciencedirect.com/science/article/pii/S030645491400379X},
author = {Paul K. Romano and Nicholas E. Horelik and Bryan R. Herman and Adam G. Nelson and Benoit Forget and Kord Smith},
%keywords = {Monte Carlo, Neutron transport, OpenMC, Parallel, XML, HDF5},
%abstract = {This paper gives an overview of OpenMC, an open source Monte Carlo particle transport code recently developed at the Massachusetts Institute of Technology. OpenMC uses continuous-energy cross sections and a constructive solid geometry representation, enabling high-fidelity modeling of nuclear reactors and other systems. Modern, portable input/output file formats are used in OpenMC: XML for input, and HDF5 for output. High performance parallel algorithms in OpenMC have demonstrated near-linear scaling to over 100,000 processors on modern supercomputers. Other topics discussed in this paper include plotting, CMFD acceleration, variance reduction, eigenvalue calculations, and software development processes.}
}

@article{kirk2006libmesh,
  title="{libMesh: a C++ library for parallel adaptive mesh refinement/coarsening simulations}",
  author={Kirk, Benjamin S and Peterson, John W and Stogner, Roy H and Carey, Graham F},
  journal={Engineering with Computers},
  volume={22},
  pages={237--254},
  year={2006},
  publisher={Springer}
}

@book{bowman2012introduction,
  title="{Introduction to Bessel functions}",
  author={Bowman, Frank},
  year={2012},
  publisher={Courier Corporation}
}


@book{10.5555/1593511,
 author = {Van Rossum, Guido and Drake, Fred L.},
 title = "{Python 3 Reference Manual}",
 year = {2009},
 isbn = {1441412697},
 publisher = {CreateSpace},
 address = {Scotts Valley, CA}
}

@book{zill2020advanced,
  title="{Advanced Engineering Mathematics}",
  author={Zill, Dennis G},
  year={2020},
  publisher={Jones \& Bartlett Learning}
}

@misc{moler_fp1,
 title="{Floating Point Numbers}",
 url = {https://blogs.mathworks.com/cleve/2014/07/07/floating-point-numbers/},
 author = {Cleve Moler},
 year = {2014},
 note = {Accessed on July 12, 2023}
}

@misc{MatrixMarket,
title="{Matrix Market}",
url= {https://math.nist.gov/MatrixMarket/},
author="{National Institute of Standards and Technology}",
note = {Accessed on July 18, 2023.}
}

@misc{higham-matrix-inverse,
title="{What is the Matrix Inverse?}",
url={https://nhigham.com/2022/03/28/what-is-the-matrix-inverse/},
author={Higham, Nick},
note={Accessed on July 19, 2023.}
}

@misc{HPL,
title="{HPL Benchmark}",
url={https://icl.utk.edu/hpl/index.html},
author="{University of Tennessee, Knoxville}",
note={Accessed on July 19, 2023.}
}

@misc{WOA,
title="{Witch of Agnesi}",
url={https://en.wikipedia.org/wiki/Witch_of_Agnesi}
note={Accessed on August 2, 2023.}
}

@misc{top500,
title="{The Top 500 List}",
url={https://top500.org/},
author="{Top500}",
note={Accessed on July 19, 2023.}
}


@article{westinghouse2011westinghouse,
  title={Westinghouse AP1000 Design Control Document Rev. 19},
  author={Westinghouse, LLC},
  journal={Westinghouse Electirc Company LLC},
  year={2011}
}

@article{gander1985halley,
  title={{On Halley's iteration method}},
  author={Gander, Walter},
  journal={The American Mathematical Monthly},
  volume={92},
  number={2},
  pages={131--134},
  year={1985},
  publisher={Taylor \& Francis}
}

@book{stewart1993afternotes,
  title={{Afternotes on Numerical Analysis}},
  author={Stewart, GW},
  publisher={University of Maryland at College Park},
  year={1993}
}

@book{press1988numerical,
  title={Numerical recipes in C},
  author={Press, William H and Teukolsky, Saul A and Vetterling, William T and Flannery, Brian P},
  publisher={Cambridge University Press},
  year={1992},
  Edition={2nd},
  address={Cambridge, UK},
}

@book{forsythe1977computer,
  title={Computer methods for mathematical computations},
  author={Forsythe, George Elmer and Moler, Cleve B and Malcolm, Michael A},
  year={1977},
  publisher={Prentice-Hall}
}

@BOOK{todreasNS,
  title={Nuclear Systems Volume I: Thermal hydraulic fundamentals},
  author={Todreas, Neil E and Kazimi, Mujid},
  volume={1},
  year={2011},
  publisher={CRC press}
}

@BOOK{Tufte2006,
	author = {Edward R. Tufte},
	title = {Beautiful Evidence},
	year = {2006},
	publisher = {Graphics Press, {LLC}},
	month = {May},
	edition = {First},
	place = {Cheshire, Connecticut},
	isbn = {0-9613921-7-7}
}

@BOOK{Tufte2001,
	author = {Edward R. Tufte},
	title = {The Visual Display of Quantitative Information},
	publisher = {Graphics Press},
	year = {2001},
	address = {Cheshire, Connecticut},
	isbn = {0-9613921-4-2}
}

@BOOK{Tufte1990,
	author = {Edward R. Tufte},
	title = {Envisioning Information},
	publisher = {Graphics Press},
	year = {1990},
	address = {Cheshire, Connecticut},
	isbn = {0-9613921-1-8}
}

@BOOK{Tufte1997,
	author = {Edward R. Tufte},
	title = {Visual Explanations},
	publisher = {Graphics Press},
	year = {1997},
	address = {Cheshire, Connecticut},
	isbn = {0-9613921-2-6}
}

@BOOK{Bringhurst2005,
	author = {Robert Bringhurst},
	title = {The Elements of Typography},
	publisher = {Hartley \& Marks},
	year = {2005},
	edition = {3.1},
	isbn = {0-88179-205-5}
}

@BOOK{Mittelbach2004,
	author = {Frank Mittelbach and Michel Goossens},
	title = {The \LaTeX\ Companion},
	publisher = {Addison--Wesley},
	year = {2004},
	edition = {Second},
	isbn = {0-201-36299-6}
}

@MISC{pkg-geometry,
    author = {Hideo Umeki},
    title = {The \texttt{geometry} package},
    year = {2008},
    month = dec,
    howpublished = {\url{http://ctan.org/pkg/geometry}}
}

@book{moran2010fundamentals,
  title={Fundamentals of Engineering Thermodynamics},
  author={Moran, Michael J and Shapiro, Howard N and Boettner, Daisie D and Bailey, Margaret B},
  year={2010},
  edition = {Seventh},
  publisher={John Wiley \& Sons}
}

@book{bergman2011introduction,
  title={Introduction to Heat Transfer},
  author={Bergman, Theodore L and Lavine, Adrienne S and Incropera, Frank P and DeWitt, David P},
  year={2011},
  publisher={John Wiley \& Sons}
}


@book{demmel1997applied,
  title={Applied numerical linear algebra},
  author={Demmel, James W},
  year={1997},
  publisher={SIAM}
}

@mastersthesis{blair2003thermal,
  title={Thermal hydraulic performance analysis of a small integral pressurized water reactor core},
  author={Blair, S R},
  year={2003},
  school={Massachusetts Institute of Technology}
}

@misc{easyprop,
author={Blair, Stu R},
title = {EasyProp, v0.10.0},
year = {2022},
url = {https://github.com/stu314159/EasyProp},
}

@misc{matlab,
author = {The Math Works, Inc.},
title = {MATLAB, v2022a},
year = {2022},
url = {https://www.mathworks.com/},
}

@book{trefethen2022numerical,
  title={Numerical Linear Algebra},
  author={Trefethen, Lloyd N and Bau, David},
  year={2022},
  publisher={SIAM}
}

@article{shewchuk1994conjugate,
  title={Conjugate gradient method without the agonizing pain},
  author={Shewchuk, Jonathan Richard},
  journal={School of Computer Science, Carnegie Mellon University Pittsburgh},
  year={1994}
}

@article{gilbert1992sparse,
  title={Sparse matrices in MATLAB: Design and implementation},
  author={Gilbert, John R and Moler, Cleve and Schreiber, Robert},
  journal={SIAM journal on matrix analysis and applications},
  volume={13},
  number={1},
  pages={333--356},
  year={1992},
  publisher={SIAM}
}


@article{doi:10.1021/ie4033999,
    author = {Bell, Ian H. and Wronski, Jorrit and Quoilin, Sylvain and Lemort, Vincent},
    title = {Pure and Pseudo-pure Fluid Thermophysical Property Evaluation and
             the Open-Source Thermophysical Property Library CoolProp},
    journal = {Industrial \& Engineering Chemistry Research},
    volume = {53},
    number = {6},
    pages = {2498--2508},
    year = {2014},
    doi = {10.1021/ie4033999},
    URL = {http://pubs.acs.org/doi/abs/10.1021/ie4033999},
    eprint = {http://pubs.acs.org/doi/pdf/10.1021/ie4033999},
    }

@misc{coolprop_wrapper,
author = {Bell et al.},
title = {CoolProp, v6.4.1},
year = {2022},
url = {http://www.coolprop.org/},
}

